@MISC{Vilo02,
    author = {Jaak Vilo and Jaak Vilo and Jaak Vilo},
    title = {Pattern Discovery from Biosequences},
    year = {2002}
}